@article{lucas_1878_1,
	ISSN = {00029327, 10806377},
	URL = {http://www.jstor.org/stable/2369373},
	author = {Edouard Lucas},
	journal = {American Journal of Mathematics},
	number = {4},
	pages = {289--321},
	publisher = {Johns Hopkins University Press},
	title = {Th\'{e}orie des Fonctions Num\'{e}riques Simplement P\'{e}riodiques},
	volume = {1},
	year = {1878}
}



@article{lucas_1878_2,
	ISSN = {00029327, 10806377},
	URL = {http://www.jstor.org/stable/2369311},
	author = {Edouard Lucas},
	journal = {American Journal of Mathematics},
	number = {3},
	pages = {197--240},
	publisher = {Johns Hopkins University Press},
	title = {Th\'{e}orie des Fonctions Num\'{e}riques Simplement P\'{e}riodiques. [Continued]},
	volume = {1},
	year = {1878}
}

@article{lucas_1878_3,
	ISSN = {00029327, 10806377},
	URL = {http://www.jstor.org/stable/2369373},
	author = {Edouard Lucas},
	journal = {American Journal of Mathematics},
	number = {4},
	pages = {289--321},
	publisher = {Johns Hopkins University Press},
	title = {Th\'{e}orie des Fonctions Num\'{e}riques Simplement P\'{e}riodiques},
	volume = {1},
	year = {1878}
}

@article{carmichael_1907, title={On Euler’s $\varphi$-function}, volume={13}, journal={Bull. Amer. Math. Soc.}, author={Carmichael, R. D.}, year={1907}, pages={241–243}}

@article{carmichael_1910, title={Note on a new number theory function}, volume={16}, DOI={10.1090/s0002-9904-1910-01892-9}, number={5}, journal={Bulletin of the American Mathematical Society}, author={Carmichael, R. D.}, year={1910}, pages={232–239}}

@article{erdos_1932, title={Beweis eines Satzes von Tschebyschef}, volume={5}, journal={Acta Litt. Sci. Szeged }, author={Erd\"{o}s, Paul}, year={1932}, pages={194–198}}

@article{ingham_1937, title={On The Difference Between Consecutive Primes}, volume={os-8}, DOI={10.1093/qmath/os-8.1.255}, number={1}, journal={The Quarterly Journal of Mathematics}, author={Ingham, A. E.}, year={1937}, pages={255–266}}

@article{fine_1947, title={Binomial Coefficients Modulo a Prime}, volume={54}, DOI={10.2307/2304500}, number={10}, journal={The American Mathematical Monthly}, author={Fine, N. J.}, year={1947}, pages={589}}

@article{mills_1947, title={A prime-representing function}, volume={53}, DOI={10.1090/s0002-9904-1947-08849-2}, number={6}, journal={Bulletin of the American Mathematical Society}, author={Mills, W. H.}, year={1947}, pages={604–605}}

@article{jr._1947, title={On a conjecture of Carmichael}, volume={53}, DOI={10.1090/s0002-9904-1947-08940-0}, number={12}, journal={Bulletin of the American Mathematical Society}, author={Jr., V. L. Klee}, year={1947}, pages={1183–1187}}

@article{niven_1951, title={Functions which represent prime numbers}, volume={2}, DOI={10.1090/s0002-9939-1951-0043804-9}, number={5}, journal={Proceedings of the American Mathematical Society}, author={Niven, Ivan}, year={1951}, pages={753–753}}

@book{dickson_1952, place={New York}, title={History of the theory of numbers}, publisher={Chelsea Pub. Co.}, author={Dickson, Leonard E.}, year={1952}}

@article{nagura_1952, title={On the interval containing at least one prime number}, volume={28}, DOI={10.3792/pja/1195570997}, number={4}, journal={Proceedings of the Japan Academy}, author={Nagura, Jitsuro}, year={1952}, pages={177–181}}

@article{carlitz_1954, title={A Note on Wolstenholme's Theorem}, volume={61}, DOI={10.2307/2307217}, number={3}, journal={The American Mathematical Monthly}, author={Carlitz, L.}, year={1954}, pages={174-176}}

@book{vinogradov_1954, place={New York}, title={Elements of Number Theory}, publisher={Dover}, author={Vinogradov, I. M.}, year={1954}}

@book{WaclawSierpinski1964, author = {Wac\l{}aw Sierpi\'{n}ski}, language = {eng}, title = {Elementary theory of numbers}, url = {http://eudml.org/doc/219306}, year = {1964}}

 @book{sierpinski_1970, place={New York}, title={250 problems in elementary number theory}, publisher={American Elsevier}, author={Sierpinski, Waclaw}, year={1970}}

 @book{hardy_wright_1971, place={Oxford}, title={An introduction to the theory of numbers}, publisher={Oxford University Press}, author={Hardy, Thomas and Wright, E. M.}, year={1971}}

 @article{pomerance_1974, series={2}, title={On Carmichael's Conjecture}, volume={43}, journal={Proceedings of the American Mathematical Society}, author={Pomerance, Carl}, year={1974}, month={4}, pages={297–298}, collection={2}}

 @article{pollard_1975, title={A monte carlo method for factorization}, volume={15}, DOI={10.1007/bf01933667}, number={3}, journal={Bit}, author={Pollard, J. M.}, year={1975}, pages={331–334}}

 @article{brent_1980, title={An improved Monte Carlo factorization algorithm}, volume={20}, DOI={10.1007/bf01933190}, number={2}, journal={Bit}, author={Brent, Richard P.}, year={1980}, pages={176–184}}

 @article{gupta_1981, title={Euler's Totient Function And Its Inverse}, journal={Indian J. Pure Appl. Math}, author={Gupta, Hansraj}, year={1981}, pages={22–30}}

 @book{oldroyd_1988, place={New York}, title={Number theory and its history}, publisher={Dover Publications, Inc.}, author={Oldroyd, George}, year={1988}}

 @book{sierpinski_schinzel_1988, place={Warszawa}, title={Elementary theory of numbers}, publisher={Polish Scientific Publishers}, author={Sierpinski, Waclaw and Schinzel, Andrzej}, year={1988}}

 @article{ribenboim_1991, title={The Little Book of Big Primes}, DOI={10.1007/978-1-4757-4330-2}, author={Ribenboim, Paulo}, year={1991}}

 @article{bruce_1993, title={A Really Trivial Proof of the Lucas-Lehmer Test}, volume={100}, DOI={10.2307/2324959}, number={4}, journal={The American Mathematical Monthly}, author={Bruce, J. W.}, year={1993}, pages={370}}

 @article{granville_1997, title={Arithmetic Properties of Binomial Coefficients I: Binomial Coefficients Modulo Prime Powers}, volume={20 }, journal={Canadian Mathematical Society Conference Proceedings }, author={Granville, A}, year={1997}, pages={253–275}}

 @book{engel_1997, place={New York}, title={Problem-solving strategies}, publisher={Springer}, author={Engel, Arthur}, year={1997}}

@article{Greenfield1998,
author = {Greenfield, Lawrence E. and Greenfield, Stephen J.},
journal = {Journal of Integer Sequences [electronic only]},
language = {eng},
pages = {Art. 98.1.2, electronic only-Art. 98.1.2, electronic only},
publisher = {School of Computer Science, University of Waterloo, Waterloo},
title = {Some problems of combinatorial number theory related to Bertrand's postulate.},
url = {http://eudml.org/doc/225672},
volume = {1},
year = {1998},
}

 @book{herman_kucera_simsa_dilcher_2000, place={Berlin}, title={Equations and inequalities: elementary problems and theorems in algebra and number theory}, volume={1}, publisher={Springer}, author={Herman, J. and Kucera, R. and Simsa, J. and Dilcher, K.}, year={2000}}

@article{Panaitopol2001,
 ISSN = {12203874, 20650264},
 URL = {http://www.jstor.org/stable/43678801},
 abstract = {Several identities where Liouville's function λ(n) occurs are presented. The proofs are based on a formula involving the summatory function for λ(n) as well as on Shapiro's formula. The sum of the series $\sum\limits_{n \geqslant 1} {\frac{{\lambda (n)}}{n}} $ is computed by using the classical result $\sum\limits_{n1} {\frac{{\mu (n)}}{n}} = 0$.},
 author = {Laurenţiu Panaitopol},
 journal = {Bulletin mathématique de la Société des Sciences Mathématiques de Roumanie},
 number = {4},
 pages = {365--370},
 publisher = {Societatea de Științe Matematice din România},
 title = {Some properties of Liouville's function},
 volume = {44 (92)},
 year = {2001}
}

 @article{cai_granville_2002, title={On the Residues of Binomial Coefficients and Their Products Modulo Prime Powers}, volume={18}, DOI={10.1007/s101140100144}, number={2}, journal={Acta Mathematica Sinica, English Series}, author={Cai, Tian Xin and Granville, Andrew}, year={2002}, pages={277–288}}

 @article{goldfeld_2004, title={The Elementary Proof of the Prime Number Theorem: An Historical Perspective}, DOI={10.1007/978-1-4419-9060-0_10}, journal={Number Theory}, author={Goldfeld, D.}, year={2004}, pages={179–192}}

 @book{aigner_ziegler_quarteroni_2006, place={Milano}, title={Proofs from THE BOOK}, publisher={Springer}, author={Aigner, Martin and Ziegler Gu\"{u}nter M. and Quarteroni, Alfio}, year={2006}}

 @article{bachraoui_2006, title={Primes in the interval [2n,3n]}, DOI={10.12988/ijcms.2006.06065}, journal={International Journal of Contemporary Mathematical Sciences}, author={Bachraoui, M. El}, year={2006}, pages={617–621}}

 @article{vandendriessche_lee_2007, title={Problems in Elementary Number Theory (PEN)}, author={Vandendriessche, Peter and Lee, Hojoo}, year={2007}}

 @book{andreescuandricafeng2007, place={Boston (Mass.)}, title={104 number theory problems: from the training of the USA IMO team}, publisher={Birkha\"{a}user}, author={Andreescu, Titu and Andrica, D. and Feng, Zuming}, year={2007}}

 @article{baas_skau_2008, title={The lord of the numbers, Atle Selberg. On his life and mathematics}, volume={45}, DOI={10.1090/s0273-0979-08-01223-8}, number={4}, journal={Bulletin of the American Mathematical Society}, author={Baas, Nils A. and Skau, Christian F.}, year={2008}, pages={617–617}}

 @book{andreescu_andrica_2009, place={Boston}, title={Number theory: structures, examples, and problems}, publisher={Birkha\"{a}user}, author={Andreescu, Titu and Andrica, Dorin}, year={2009}}

 @article{loo_2011, title={On the Primes in the Interval [3n, 4n]}, volume={6}, url={http://www.m-hikari.com/ijcms-2011/37-40-2011/looIJCMS37-40-2011.pdf}, number={38}, journal={International Journal of Contemporary Mathematical Sciences}, author={Loo, Andy}, year={2011}}

 @book{apostol_2011, place={New York}, title={Introduction to analytic number theory}, publisher={Springer}, author={Apostol, Tom M.}, year={2011}}

 @book{koblitz_2012, place={New York}, title={A course in number theory and cryptography}, publisher={Springer}, author={Koblitz, Neal}, year={2012}}

@article{moses_shevelev_greathouse_2013, series={13.7.3}, title={On Intervals $(kn, (k + 1)n)$ Containing a Prime for All $n\geq1$}, volume={16}, number={7}, journal={Journal of Integer Sequences}, author={Moses, Peter  J. C. and Shevelev, Vladimir and Greathouse, Charles R.}, year={2013}, collection={13.7.3}}


 @book{djukic_2013, title={Imo compendium}, publisher={Springer-Verlag New York}, author={Djukic, Dusan}, year={2013}}

@article{mixon_2013,
	author = {Dustin G. Mixon},
	title = {Another Simple Proof that the Sum of the Reciprocals of the Primes Diverges},
	journal = {The American Mathematical Monthly},
	volume = {120},
	number = {9},
	pages = {831-831},
	year  = {2013},
	publisher = {Taylor & Francis},
	doi = {10.4169/amer.math.monthly.120.09.831},

	URL = {
	https://www.tandfonline.com/doi/abs/10.4169/amer.math.monthly.120.09.831

	},
	eprint = {
	https://www.tandfonline.com/doi/pdf/10.4169/amer.math.monthly.120.09.831

	}

}

 @article{cameron_preece_2014, title={Primitive Lambda-Roots}, url={https://cameroncounts.files.wordpress.com/2014/01/plr1.pdf}, author={Cameron, Peter J. and Preece, D.  A.}, year={2014}, month={1}}

 @article{meher_murty_2013, title={Ramanujan’s Proof of Bertrand’s Postulate}, volume={120}, DOI={10.4169/amer.math.monthly.120.07.650}, number={7}, journal={The American Mathematical Monthly}, author={Meher, Jaban and Murty, M. Ram}, year={2013}, pages={650}}

 @article{moll_2013, title={Numbers and functions: from a classical-experimental mathematician's point of view}, volume={50}, DOI={10.5860/choice.50-6233}, number={11}, journal={Choice Reviews Online}, author={Moll, Victor H}, year={2013}}

 @article{billal_2014, title={A Nice Theorem in Multiplicative Functions}, number={63}, journal={Eureka ( The Archimedeans, the Mathematical Society of Cambridge University)}, author={Billal, Masum}, year={2014}, month={9}, pages={106–107}}

 @article{nasehpour_2018, title={A computational criterion for the irrationality of some real numbers}, url={https://arxiv.org/abs/1806.07560v4}, author={Nasehpour, Peyman}, year={2018}, month={6}}

 @article{erdos_1932, title={Beweis eines Satzes von Tschebyschef}, volume={5}, journal={Acta Litt. Sci. Szeged }, author={Erd\"{o}s, Paul}, year={1932}, pages={194–198}}
 
 @article{ingham_1937, title={On The Difference Between Consecutive Primes}, volume={os-8}, DOI={10.1093/qmath/os-8.1.255}, number={1}, journal={The Quarterly Journal of Mathematics}, author={Ingham, A. E.}, year={1937}, pages={255–266}}

 @article{fine_1947, title={Binomial Coefficients Modulo a Prime}, volume={54}, DOI={10.2307/2304500}, number={10}, journal={The American Mathematical Monthly}, author={Fine, N. J.}, year={1947}, pages={589}}
 
 @article{mills_1947, title={A prime-representing function}, volume={53}, DOI={10.1090/s0002-9904-1947-08849-2}, number={6}, journal={Bulletin of the American Mathematical Society}, author={Mills, W. H.}, year={1947}, pages={604–605}}
 
 @article{jr._1947, title={On a conjecture of Carmichael}, volume={53}, DOI={10.1090/s0002-9904-1947-08940-0}, number={12}, journal={Bulletin of the American Mathematical Society}, author={Jr., V. L. Klee}, year={1947}, pages={1183–1187}}
 
 @article{niven_1951, title={Functions which represent prime numbers}, volume={2}, DOI={10.1090/s0002-9939-1951-0043804-9}, number={5}, journal={Proceedings of the American Mathematical Society}, author={Niven, Ivan}, year={1951}, pages={753–753}}
 
 @book{dickson_1952, place={New York}, title={History of the theory of numbers}, publisher={Chelsea Pub. Co.}, author={Dickson, Leonard E.}, year={1952}}
 
 @article{nagura_1952, title={On the interval containing at least one prime number}, volume={28}, DOI={10.3792/pja/1195570997}, number={4}, journal={Proceedings of the Japan Academy}, author={Nagura, Jitsuro}, year={1952}, pages={177–181}}

 @article{carlitz_1954, title={A Note on Wolstenholme's Theorem}, volume={61}, DOI={10.2307/2307217}, number={3}, journal={The American Mathematical Monthly}, author={Carlitz, L.}, year={1954}, pages={174}}

 @book{vinogradov_1954, place={New York}, title={Elements of Number Theory}, publisher={Dover}, author={Vinogradov, I. M.}, year={1954}}

 @book{sierpinski_1970, place={New York}, title={250 problems in elementary number theory}, publisher={American Elsevier}, author={Sierpinski, Waclaw}, year={1970}}
 
 @book{hardy_wright_1971, place={Oxford}, title={An introduction to the theory of numbers}, publisher={Oxford University Press}, author={Hardy, Thomas and Wright, E. M.}, year={1971}}
 
 @article{pollard_1975, title={A monte carlo method for factorization}, volume={15}, DOI={10.1007/bf01933667}, number={3}, journal={Bit}, author={Pollard, J. M.}, year={1975}, pages={331–334}}
 
 @article{gupta_1981, title={Euler's Totient Function And Its Inverse}, journal={Indian J. Pure Appl. Math}, author={Gupta, Hansraj}, year={1981}, pages={22–30}}
 
 @book{oldroyd_1988, place={New York}, title={Number theory and its history}, publisher={Dover Publications, Inc.}, author={Oldroyd, George}, year={1988}}
 
 @article{ribenboim_1991, title={The Little Book of Big Primes}, DOI={10.1007/978-1-4757-4330-2}, author={Ribenboim, Paulo}, year={1991}}
 
 @article{granville_1997, title={Arithmetic Properties of Binomial Coefficients I: Binomial Coefficients Modulo Prime Powers}, volume={20 }, journal={Canadian Mathematical Society Conference Proceedings }, author={Granville, A}, year={1997}, pages={253–275}}

 @book{engel_1997, place={New York}, title={Problem-solving strategies}, publisher={Springer}, author={Engel, Arthur}, year={1997}}
 
@article{Greenfield1998,
author = {Greenfield, Lawrence E., Greenfield, Stephen J.},
journal = {Journal of Integer Sequences [electronic only]},
language = {eng},
pages = {Art. 98.1.2, electronic only-Art. 98.1.2, electronic only},
publisher = {School of Computer Science, University of Waterloo, Waterloo},
title = {Some problems of combinatorial number theory related to Bertrand's postulate.},
url = {http://eudml.org/doc/225672},
volume = {1},
year = {1998},
}

 @book{herman_kucera_simsa_dilcher_2000, place={Berlin}, title={Equations and inequalities: elementary problems and theorems in algebra and number theory}, volume={1}, publisher={Springer}, author={Herman, Jiri and Kucera, Radan and Simsa, Jaromir and Dilcher, Karl}, year={2000}}
 
@article{Panaitopol2001,
 ISSN = {12203874, 20650264},
 URL = {http://www.jstor.org/stable/43678801},
 abstract = {Several identities where Liouville's function λ(n) occurs are presented. The proofs are based on a formula involving the summatory function for λ(n) as well as on Shapiro's formula. The sum of the series $\sum\limits_{n \geqslant 1} {\frac{{\lambda (n)}}{n}} $ is computed by using the classical result $\sum\limits_{n1} {\frac{{\mu (n)}}{n}} = 0$.},
 author = {Laurenţiu Panaitopol},
 journal = {Bulletin mathématique de la Société des Sciences Mathématiques de Roumanie},
 number = {4},
 pages = {365--370},
 publisher = {Societatea de Științe Matematice din România},
 title = {Some properties of Liouville's function},
 volume = {44 (92)},
 year = {2001}
}

 @article{cai_granville_2002, title={On the Residues of Binomial Coefficients and Their Products Modulo Prime Powers}, volume={18}, DOI={10.1007/s101140100144}, number={2}, journal={Acta Mathematica Sinica, English Series}, author={Cai, Tian Xin and Granville, Andrew}, year={2002}, pages={277–288}}
 
 @article{goldfeld_2004, title={The Elementary Proof of the Prime Number Theorem: An Historical Perspective}, DOI={10.1007/978-1-4419-9060-0_10}, journal={Number Theory}, author={Goldfeld, D.}, year={2004}, pages={179–192}}

 @book{aigner_ziegler_quarteroni_2006, place={Milano}, title={Proofs from THE BOOK}, publisher={Springer}, author={Aigner, Martin and Ziegler Gu\"{u}nter M. and Quarteroni, Alfio}, year={2006}}
 
 @article{bachraoui_2006, title={Primes in the interval [2n,3n]}, DOI={10.12988/ijcms.2006.06065}, journal={International Journal of Contemporary Mathematical Sciences}, author={Bachraoui, M. El}, year={2006}, pages={617–621}}

 @article{vandendriessche_lee_2007, title={Problems in Elementary Number Theory (PEN)}, author={Vandendriessche, Peter and Lee, Hojoo}, year={2007}}

 @book{andreescu_andrica_feng_2007, place={Boston (Mass.)}, title={104 number theory problems: from the training of the USA IMO team}, publisher={Birkhäuser}, author={Andreescu, Titu and Andrica, D. and Feng, Zuming}, year={2007}}
 
 @article{baas_skau_2008, title={The lord of the numbers, Atle Selberg. On his life and mathematics}, volume={45}, DOI={10.1090/s0273-0979-08-01223-8}, number={4}, journal={Bulletin of the American Mathematical Society}, author={Baas, Nils A. and Skau, Christian F.}, year={2008}, pages={617–617}}
 
 @book{andreescu_andrica_2009, place={Boston}, title={Number theory: structures, examples, and problems}, publisher={Birkhäuser}, author={Andreescu, Titu and Andrica, Dorin}, year={2009}}
 
 @book{apostol_2011, place={New York}, title={Introduction to analytic number theory}, publisher={Springer}, author={Apostol, Tom M.}, year={2011}}
 
 @book{koblitz_2012, place={New York}, title={A course in number theory and cryptography}, publisher={Springer}, author={Koblitz, Neal}, year={2012}}

 @article{meher_murty_2013, title={Ramanujan’s Proof of Bertrand’s Postulate}, volume={120}, DOI={10.4169/amer.math.monthly.120.07.650}, number={7}, journal={The American Mathematical Monthly}, author={Meher, Jaban and Murty, M. Ram}, year={2013}, pages={650}}

 @article{moll_2013, title={Numbers and functions: from a classical-experimental mathematician's point of view}, volume={50}, DOI={10.5860/choice.50-6233}, number={11}, journal={Choice Reviews Online}, author={Moll, Victor H}, year={2013}}
 
 @article{billal_2014, title={A Nice Theorem in Multiplicative Functions}, number={63}, journal={Eureka ( The Archimedeans, the Mathematical Society of Cambridge University)}, author={Billal, Masum}, year={2014}, month={Sep}, pages={106–107}}
 
 